@misc{shakeyHistory,
  author       = {Benjamin Kuipers and Edward A. Feigenbaum and Peter E. Hart and Nils J. Nilsson},
  title        = {Shakey: From Conception To History},
  howpublished = {\url{https://ai.stanford.edu/~nilsson/OnlinePubs-Nils/General%20Essays/Shakey-aimag-17.pdf}},
  year         = {2017}, 
  journal      = {AI MAGAZINE}
}